
@article{chen_harp_2018,
	title = {{HARP}: {Hierarchical} {Representation} {Learning} for {Networks}},
	volume = {32},
	copyright = {Copyright (c)},
	issn = {2374-3468},
	shorttitle = {{HARP}},
	url = {https://ojs.aaai.org/index.php/AAAI/article/view/11849},
	language = {en},
	number = {1},
	urldate = {2021-05-25},
	journal = {Proceedings of the AAAI Conference on Artificial Intelligence},
	author = {Chen, Haochen and Perozzi, Bryan and Hu, Yifan and Skiena, Steven},
	month = apr,
	year = {2018},
	note = {Number: 1},
	keywords = {network classification},
}


@online{kubara_machine_2020,
	title = {Machine Learning Tasks on Graphs},
	url = {https://towardsdatascience.com/machine-learning-tasks-on-graphs-7bc8f175119a},
	abstract = {Can We Divide It Into Supervised/Unsupervised Learning? It’s Not That Simple…},
	titleaddon = {Medium},
	author = {Kubara, Kacper},
	urldate = {2020-11-03},
	date = {2020-09-28},
	langid = {english},
	file = {Snapshot:/home/marekdedic/Zotero/storage/4IYMYT34/machine-learning-tasks-on-graphs-7bc8f175119a.html:text/html},
}
